@MISC{website:pybrain,
	AUTHOR = "Justin Bayer and Martin Felder and Thomas Rucksteib and 
        Tom Schaul and Frank Sehnke and Daan Wierstra",
	TITLE = "Pybrain",
    URL = "http://pybrain.org/pages/home"
}

@MISC{website:pywt,
	AUTHOR = "MIT",
	TITLE = "PyWavelets - Discrete Wavelet Transform in Python",
    URL = "http://www.pybytes.com/pywavelets/index.html"
}
